@article{fortunato2010community,
	title={Community detection in graphs},
	author={Fortunato, Santo},
	journal={Physics reports},
	volume={486},
	number={3-5},
	pages={75--174},
	year={2010},
	publisher={Elsevier}
}

@inproceedings{li2010detecting,
  title={Detecting blackhole and volcano patterns in directed networks},
  author={Li, Zhongmou and Xiong, Hui and Liu, Yanchi and Zhou, Aoying},
  booktitle={2010 IEEE International Conference on Data Mining},
  pages={294--303},
  year={2010},
  organization={IEEE}
}

@article{li2012mining,
	title={Mining blackhole and volcano patterns in directed graphs: a general approach},
	author={Li, Zhongmou and Xiong, Hui and Liu, Yanchi},
	journal={Data Mining and Knowledge Discovery},
	volume={25},
	number={3},
	pages={577--602},
	year={2012},
	publisher={Springer}
}

@article{li2014mining,
	title={Mining Blackhole and Volcano Patterns for Fraud Detection},
	author={Li, Zhongmou and Xiong, Hui},
	journal={Encyclopedia of Social Network Analysis and Mining},
	pages={904--915},
	year={2014},
	publisher={Springer}
}

@inproceedings{hong2015detecting,
	title={Detecting urban black holes based on human mobility data},
	author={Hong, Liang and Zheng, Yu and Yung, Duncan and Shang, Jingbo and Zou, Lei},
	booktitle={Proceedings of the 23rd SIGSPATIAL International Conference on Advances in Geographic Information Systems},
	pages={35},
	year={2015},
	organization={ACM}
}

@inproceedings{chakrabarti2004r,
	title={R-MAT: A recursive model for graph mining},
	author={Chakrabarti, Deepayan and Zhan, Yiping and Faloutsos, Christos},
	booktitle={Proceedings of the 2004 SIAM International Conference on Data Mining},
	pages={442--446},
	year={2004},
	organization={SIAM}
}

@inproceedings{bader2005design,
	title={Design and implementation of the HPCS graph analysis benchmark on symmetric multiprocessors},
	author={Bader, David A and Madduri, Kamesh},
	booktitle={International Conference on High-Performance Computing},
	pages={465--476},
	year={2005},
	organization={Springer}
}

@article{random-uniform,
	title={On random graphs},
	author={Erdoos, Paul and Reyni, Alfred},
	journal={Publicationes Mathematicae},
	volume={6},
	pages={290--297},
	year={1959}
}

@article{watts1999networks,
	title={Networks, dynamics, and the small-world phenomenon},
	author={Watts, Duncan J},
	journal={American Journal of sociology},
	volume={105},
	number={2},
	pages={493--527},
	year={1999},
	publisher={The University of Chicago Press}
}

@inproceedings{semenov2017survey,
	title={Survey of common design approaches in AML software development},
	author={Semenov, A and Mazeev, A and Doropheev, D and others},
	booktitle={GraphHPC 2017 Conference (GraphHPC). CEUR Workshop Proceedings},
	volume={1981},
	pages={1--9},
	year={2017}
}

@article{sharir1981strong,
	title={A strong-connectivity algorithm and its applications in data flow analysis},
	author={Sharir, Micha},
	journal={Computers \& Mathematics with Applications},
	volume={7},
	number={1},
	pages={67--72},
	year={1981},
	publisher={Elsevier}
}

@manual{polus,
        title = {Описание вычислительного комплекса IBM Polus},
        note = {Url: \textit{\url{http://hpc.cmc.msu.ru/polus}} Дата обращения 17.05.2020}
}

@inproceedings{chakrabarti2004rmat,
  author    = {Deepayan Chakrabarti and
               Yiping Zhan and
               Christos Faloutsos},
  editor    = {Michael W. Berry and
               Umeshwar Dayal and
               Chandrika Kamath and
               David B. Skillicorn},
  title     = {{R-MAT:} {A} Recursive Model for Graph Mining},
  booktitle = {Proceedings of the Fourth {SIAM} International Conference on Data
               Mining, Lake Buena Vista, Florida, USA, April 22-24, 2004},
  pages     = {442--446},
  publisher = {{SIAM}},
  year      = {2004},
  url       = {https://doi.org/10.1137/1.9781611972740.43},
  doi       = {10.1137/1.9781611972740.43},
  timestamp = {Sun, 02 Jun 2019 21:21:08 +0200},
  biburl    = {https://dblp.org/rec/conf/sdm/ChakrabartiZF04.bib},
  bibsource = {dblp computer science bibliography, https://dblp.org}
}

@InProceedings{bader2005ssca,
        author="Bader, David A.
        and Madduri, Kamesh",
        editor="Bader, David A.
        and Parashar, Manish
        and Sridhar, Varadarajan
        and Prasanna, Viktor K.",
        title="Design and Implementation of the HPCS Graph Analysis Benchmark on Symmetric Multiprocessors",
        booktitle="High Performance Computing -- HiPC 2005",
        year="2005",
        publisher="Springer Berlin Heidelberg",
        address="Berlin, Heidelberg",
        pages="465--476",
        abstract="Graph theoretic problems are representative of fundamental computations in traditional and emerging scientific disciplines like scientific computing and computational biology, as well as applications in national security. We present our design and implementation of a graph theory application that supports the kernels from the Scalable Synthetic Compact Applications (SSCA) benchmark suite, developed under the DARPA High Productivity Computing Systems (HPCS) program. This synthetic benchmark consists of four kernels that require irregular access to a large, directed, weighted multi-graph. We have developed a parallel implementation of this benchmark in C using the POSIX thread library for commodity symmetric multiprocessors (SMPs). In this paper, we primarily discuss the data layout choices and algorithmic design issues for each kernel, and also present execution time and benchmark validation results.",
        isbn="978-3-540-32427-0"
}

@article{erdos1959ur,
  title={On Random Graphs},
  author={Erdős and Renyi},
  journal={Publicationes Mathematicae},
  volume={6},
  year={1959}
}
